<record><leader>00000cas a22000007a 4500</leader><controlfield tag="001">15118251</controlfield><controlfield tag="008">870127c19689999inuwr ne      0    0eng d</controlfield><controlfield tag="009">5452</controlfield><datafield ind1=" " ind2=" " tag="010"><subfield code="a">sn 87055111 </subfield></datafield><datafield ind1=" " ind2=" " tag="040"><subfield code="a">NPI</subfield><subfield code="b">eng</subfield><subfield code="c">NPI</subfield><subfield code="d">DLC</subfield></datafield><datafield ind1=" " ind2=" " tag="042"><subfield code="a">msc</subfield></datafield><datafield ind1="0" ind2="4" tag="245"><subfield code="a">The Akron Mentone news.</subfield></datafield><datafield ind1=" " ind2=" " tag="260"><subfield code="a">Akron, Ind. :</subfield><subfield code="b">Loren Sheetz,</subfield><subfield code="c">1968-</subfield></datafield><datafield ind1=" " ind2=" " tag="300"><subfield code="a">v. :</subfield><subfield code="b">ill. ;</subfield><subfield code="c">43 cm.</subfield></datafield><datafield ind1=" " ind2=" " tag="310"><subfield code="a">Weekly</subfield></datafield><datafield ind1="0" ind2=" " tag="362"><subfield code="a">Vol. 78, no. 37 (Sept. 12, 1968)-</subfield></datafield><datafield ind1=" " ind2=" " tag="752"><subfield code="a">United States</subfield><subfield code="b">Indiana</subfield><subfield code="c">Fulton</subfield><subfield code="d">Akron.</subfield></datafield><datafield ind1=" " ind2=" " tag="752"><subfield code="a">United States</subfield><subfield code="b">Indiana</subfield><subfield code="c">Kosciusko</subfield><subfield code="d">Mentone.</subfield></datafield><datafield ind1="0" ind2="4" tag="780"><subfield code="t">Akron news</subfield><subfield code="w">(DLC)sn 87055112</subfield></datafield><datafield ind1="0" ind2="4" tag="780"><subfield code="t">Mentone news (Mentone, Ind. : 1964)</subfield><subfield code="w">(DLC)sn 87055091</subfield></datafield></record>